<?xml version="1.0" encoding="UTF-8"?><collection xmlns="http://www.loc.gov/MARC21/slim"><record><leader>00329nam--2200133-i-4500</leader><controlfield tag="001">000029413</controlfield><controlfield tag="002">20161230</controlfield><controlfield tag="005">20161230201037</controlfield><controlfield tag="008">060222s1000------------r-----000-0-eng-d</controlfield><datafield ind1=" " ind2=" " tag="080"><subfield code="a">001.8:65.015</subfield></datafield><datafield ind1=" " ind2=" " tag="100"><subfield code="a">Leclerq, Rene</subfield></datafield><datafield ind1=" " ind2=" " tag="245"><subfield code="a">Traite de la methode scientifique</subfield></datafield><datafield ind1=" " ind2=" " tag="260"><subfield code="a">Parisl, Dunod, 1964. Viii + 215p</subfield></datafield><datafield ind1=" " ind2=" " tag="852"><subfield code="a">76552</subfield></datafield></record></collection>